<record><leader>00000cas a2200000 a 4500</leader><controlfield tag="001">24340385</controlfield><controlfield tag="008">910906d18991901iluwr ne      0    0eng c</controlfield><datafield ind1=" " ind2=" " tag="010"><subfield code="a">sn 91069127 </subfield></datafield><datafield ind1=" " ind2=" " tag="040"><subfield code="a">ONP</subfield><subfield code="b">eng</subfield><subfield code="c">ONP</subfield><subfield code="d">NVF</subfield><subfield code="d">KRTAS</subfield><subfield code="d">NVF</subfield><subfield code="d">OCLCO</subfield></datafield><datafield ind1="1" ind2=" " tag="029"><subfield code="a">AU@</subfield><subfield code="b">000020687952</subfield></datafield><datafield ind1=" " ind2=" " tag="042"><subfield code="a">pcc</subfield></datafield><datafield ind1=" " ind2=" " tag="043"><subfield code="a">n-us-il</subfield></datafield><datafield ind1=" " ind2="4" tag="050"><subfield code="a">HV5297.N6</subfield><subfield code="b">N37</subfield></datafield><datafield ind1="0" ind2="4" tag="245"><subfield code="a">The new voice and the Chicago lever.</subfield></datafield><datafield ind1="1" ind2="0" tag="246"><subfield code="a">New voice</subfield></datafield><datafield ind1="1" ind2="0" tag="246"><subfield code="a">Chicago lever</subfield></datafield><datafield ind1=" " ind2=" " tag="260"><subfield code="a">Chicago [Ill.] :</subfield><subfield code="b">Dickie &amp; Woolley,</subfield><subfield code="c">1899-1901.</subfield></datafield><datafield ind1=" " ind2=" " tag="300"><subfield code="a">v.</subfield></datafield><datafield ind1=" " ind2=" " tag="310"><subfield code="a">Weekly</subfield></datafield><datafield ind1="0" ind2=" " tag="362"><subfield code="a">Vol. 16, no. 35 (Aug. 31, 1899)-v. 18, no. 28 (July 11, 1901).</subfield></datafield><datafield ind1=" " ind2=" " tag="515"><subfield code="a">Continues the numbering of New voice (New York, N.Y. : 1898).</subfield></datafield><datafield ind1=" " ind2=" " tag="580"><subfield code="a">Formed by the union of: New voice (New York, N.Y. : 1898) and: Chicago lever.</subfield></datafield><datafield ind1=" " ind2="0" tag="650"><subfield code="a">Temperance</subfield><subfield code="z">Chicago (Ill.)</subfield><subfield code="z">Newspapers.</subfield></datafield><datafield ind1=" " ind2="0" tag="651"><subfield code="a">Chicago (Ill.)</subfield><subfield code="v">Newspapers.</subfield></datafield><datafield ind1=" " ind2=" " tag="752"><subfield code="a">United States</subfield><subfield code="b">Illinois</subfield><subfield code="c">Cook</subfield><subfield code="d">Chicago.</subfield></datafield><datafield ind1="1" ind2="4" tag="780"><subfield code="t">New voice (New York, N.Y. : 1898)</subfield><subfield code="w">(DLC)sn 91069126</subfield><subfield code="w">(OCoLC)24340390</subfield></datafield><datafield ind1="1" ind2="4" tag="780"><subfield code="t">Chicago lever</subfield><subfield code="w">(DLC)sn 94054206</subfield><subfield code="w">(OCoLC)12704436</subfield></datafield><datafield ind1="0" ind2="0" tag="785"><subfield code="t">New voice (Chicago, Ill. : 1901)</subfield><subfield code="w">(DLC)sn 91069128</subfield><subfield code="w">(OCoLC)24340388</subfield></datafield><datafield ind1=" " ind2=" " tag="938"><subfield code="a">Kirtas Technologies, Inc.</subfield><subfield code="b">KRTS</subfield><subfield code="n">740450</subfield></datafield></record>